@book{ArchiMate3.0,
author = {Standard, Open Group and Group, The Open},
file = {:C$\backslash$:/Users/ecm9042i/Documents/CLARO/HITSS/5.Universidad Distrital/7. Ingenieria de Software II/SW-II/versiones archimate/archimate3.0.0.pdf:pdf},
isbn = {9789087536794},
mendeley-groups = {Referencias Software},
pages = {159},
title = {{Open Group Standard (ArchiMate 3.0)}},
year = {2016}
}
@book{Standard2011c,
author = {Standard, Open Group and Group, The Open},
file = {:C$\backslash$:/Users/ecm9042i/Documents/CLARO/HITSS/5.Universidad Distrital/7. Ingenieria de Software II/SW-II/versiones archimate/archimate2.0.0.pdf:pdf},
isbn = {9789087536794},
mendeley-groups = {Referencias Software},
pages = {167},
title = {{Open Group Standard (ArchiMate 2.0)}},
year = {2012}
}
@book{Standard2011b,
author = {Standard, Open Group and Group, The Open},
file = {:C$\backslash$:/Users/ecm9042i/Documents/CLARO/HITSS/5.Universidad Distrital/7. Ingenieria de Software II/SW-II/versiones archimate/archimate2.1.pdf:pdf},
isbn = {9789087536794},
mendeley-groups = {Referencias Software},
pages = {165},
title = {{Open Group Standard (ArchiMate 2.1)}},
year = {2013}
}
@book{Standard2011a,
author = {Standard, Open Group and Group, The Open},
file = {:C$\backslash$:/Users/ecm9042i/Documents/CLARO/HITSS/5.Universidad Distrital/7. Ingenieria de Software II/SW-II/versiones archimate/archimate3.0.1.pdf:pdf},
isbn = {9789087536794},
mendeley-groups = {Referencias Software},
pages = {165},
title = {{Open Group Standard (ArchiMate 3.0.1)}},
year = {2017}
}
@book{Standard2007,
author = {Standard, Open Group and Group, The Open},
file = {:C$\backslash$:/Users/ecm9042i/Documents/CLARO/HITSS/5.Universidad Distrital/7. Ingenieria de Software II/SW-II/versiones archimate/archimate1.0.pdf:pdf},
isbn = {1931624801},
issn = {16730860},
mendeley-groups = {Referencias Software},
number = {5},
pages = {110},
title = {{Open Group Standard (ArchiMate 1.0)}},
volume = {42},
year = {2007}
}
